@inproceedings{abdellatif2020challenges,
  author = {Abdellatif, Ahmad and Costa, Diego and Badran, Khaled and Abdalkareem, Rabe and Shihab, Emad},
  title = {Challenges in Chatbot Development: A Study of Stack Overflow Posts},
  year = {2020},
  isbn = {9781450375177},
  publisher = {Association for Computing Machinery},
  address = {New York, NY, USA},
  url = {https://doi.org/10.1145/3379597.3387472},
  doi = {10.1145/3379597.3387472},
  booktitle = {Proceedings of the 17th International Conference on Mining Software Repositories},
  pages = {174–185},
  numpages = {12},
  location = {Seoul, Republic of Korea},
  series = {MSR '20}
}

@inproceedings{ahmed2018concurrency,
  author = {Ahmed, Syed and Bagherzadeh, Mehdi},
  title = {What Do Concurrency Developers Ask about? A Large-Scale Study Using Stack Overflow},
  year = {2018},
  isbn = {9781450358231},
  publisher = {Association for Computing Machinery},
  address = {New York, NY, USA},
  url = {https://doi.org/10.1145/3239235.3239524},
  doi = {10.1145/3239235.3239524},
  booktitle = {Proceedings of the 12th ACM/IEEE International Symposium on Empirical Software Engineering and Measurement},
  articleno = {30},
  numpages = {10},
  keywords = {concurrency topics, concurrency topic difficulty, concurrency topic popularity, concurrency topic hierarchy, stack overflow},
  location = {Oulu, Finland},
  series = {ESEM '18}
}

@article{alonso2020towards,
  title={Towards a polyglot data access layer for a low-code application development platform},
  author={Alonso, Ana Nunes and Abreu, Jo{\~a}o and Nunes, David and Vieira, Andr{\'e} and Santos, Luiz and Soares, T{\'e}rcio and Pereira, Jos{\'e}},
  journal={arXiv preprint arXiv:2004.13495},
  year={2020}
}

@inproceedings{arun2010finding,
  title={On finding the natural number of topics with latent dirichlet allocation: Some observations},
  author={Arun, Rajkumar and Suresh, Venkatasubramaniyan and Madhavan, CE Veni and Murthy, MN Narasimha},
  booktitle={Pacific-Asia conference on knowledge discovery and data mining},
  pages={391--402},
  year={2010},
  organization={Springer}
}

@inproceedings{asuncion2010software,
  title={Software traceability with topic modeling},
  author={Asuncion, Hazeline U and Asuncion, Arthur U and Taylor, Richard N},
  booktitle={2010 ACM/IEEE 32nd International Conference on Software Engineering},
  volume={1},
  pages={95--104},
  year={2010},
  organization={IEEE}
}

@inproceedings{bagherzadeh2019going,
 author = {Bagherzadeh, Mehdi and Khatchadourian, Raffi},
 title = {Going Big: A Large-scale Study on What Big Data Developers Ask},
 booktitle = {Proceedings of the 2019 27th ACM Joint Meeting on European Software Engineering Conference and Symposium on the Foundations of Software Engineering},
 series = {ESEC/FSE 2019},
 year = {2019},
 location = {Tallinn, Estonia},
 pages = {432--442},
 publisher = {ACM},
 address = {New York, NY, USA},
 keywords = {Big data topic difficulty, Big data topic hierarchy, Big data topic popularity, Big data topics, Stackoverflow},
} 

@inproceedings{bajaj2014mining,
  title={Mining questions asked by web developers},
  author={Bajaj, Kartik and Pattabiraman, Karthik and Mesbah, Ali},
  booktitle={Proceedings of the 11th Working Conference on Mining Software Repositories},
  pages={112--121},
  year={2014}
}

@inproceedings{bandeira2019we,
  title={We need to talk about microservices: an analysis from the discussions on StackOverflow},
  author={Bandeira, Alan and Medeiros, Carlos Alberto and Paixao, Matheus and Maia, Paulo Henrique},
  booktitle={2019 IEEE/ACM 16th International Conference on Mining Software Repositories (MSR)},
  pages={255--259},
  year={2019},
  organization={IEEE}
}

@article{barua2014developers,
  title={What are developers talking about? an analysis of topics and trends in stack overflow},
  author={Barua, Anton and Thomas, Stephen W and Hassan, Ahmed E},
  journal={Empirical Software Engineering},
  volume={19},
  number={3},
  pages={619--654},
  year={2014},
  publisher={Springer}
}

@article{Bavota-RefactoringTopic-TSE2014,
 author = {Gabriele Bavota and Rocco Oliveto and Malcom Gethers and Denys Poshyvanyk and Andrea De Lucia},
 journal = {IEEE Transactions on Software Engineering},
 number = {7},
 pages = {671-694},
 title = {Methodbook: Recommending Move Method Refactorings via Relational Topic Models},
 volume = {40},
 year = {2014}
}

@article{beck2001manifesto,
  title={Manifesto for agile software development},
  author={Beck, Kent and Beedle, Mike and Van Bennekum, Arie and Cockburn, Alistair and Cunningham, Ward and Fowler, Martin and Grenning, James and Highsmith, Jim and Hunt, Andrew and Jeffries, Ron and others},
  year={2001},
}

@article{blei2003latent,
 author = {Blei, David M. and Ng, Andrew Y. and Jordan, Michael I.},
 journal = {Journal of Machine Learning Research},
 number = {4-5},
 pages = {993--1022},
 title = {Latent Dirichlet Allocation},
 volume = {3},
 year = {2003}
}

@inproceedings{Chen-SoftwareDefectTopic-MSR2012,
 author = {Tse-Hsun Chen and Stephen W. Thomas and Meiyappan Nagappan and Ahmed E. Hassan},
 booktitle = {9th working conference on mining software repositories},
 pages = {189-198},
 title = {Explaining software defects using topic models},
 year = {2012}
}

@article{Chen-SurveyTopicInSE-EMSE2016,
 author = {Tse-Hsun (Peter) Chen and Stephen W. Thomas and Ahmed E Hassan},
 journal = {Empirical Software Engineering},
 number = {5},
 pages = {1843-1919},
 title = {A survey on the use of topic models when mining software repositories},
 volume = {21},
 year = {2016}
}

@article{Cleary-ConceptLocationTopic-EMSE2009,
 author = {Brendan Cleary and Chris Exton and Jim Buckley and Michael English },
 journal = {Empirical Software Engineering},
 number = {},
 pages = {93-130},
 title = {An empirical analysis of information retrieval based concept location techniques in software comprehension},
 volume = {14},
 year = {2009}
}

@inproceedings{di2020democratizing,
  title={Democratizing the development of recommender systems by means of low-code platforms},
  author={Di Sipio, Claudio and Di Ruscio, Davide and Nguyen, Phuong T},
  booktitle={Proceedings of the 23rd ACM/IEEE International Conference on Model Driven Engineering Languages and Systems: Companion Proceedings},
  pages={1--9},
  year={2020}
}

@misc{SOdump,
  author={Stack Exchange},
  title={{ Stack exchange data dump }},
  year={2020},
  howpublished = "{Available: \url{https://archive.org/details/stackexchange}}",
  note = "[Online; accessed 5-January-2021]"
}

@article{fincher2005making,
  title={Making sense of card sorting data},
  author={Fincher, Sally and Tenenberg, Josh},
  journal={Expert Systems},
  volume={22},
  number={3},
  pages={89--93},
  year={2005},
  publisher={Wiley Online Library}
}

@article{lowcodeapp, 
 author = {Fryling, Meg}, 
 title = {Low Code App Development}, 
 year = {2019}, 
 issue_date = {April 2019}, 
 publisher = {Consortium for Computing Sciences in Colleges}, 
 address = {Evansville, IN, USA}, 
 volume = {34}, 
 number = {6}, 
 issn = {1937-4771}, 
 journal = {J. Comput. Sci. Coll.}, 
 month = apr, 
 pages = {119}, 
 numpages = {1} 
}

@inproceedings{Hu-EvolutionDynamicTopic-SANER2015,
 author = {Jiajun Hu and Xiaobing Sun and David Lo and Bin Li},
 booktitle = {IEEE 22nd International Conference on Software Analysis, Evolution, and Reengineering},
 pages = {3--12},
 title = {Modeling the evolution of development topics using Dynamic Topic Models},
 year = {2015}
}

@inproceedings{lowcodeIot, 
 author = {Ihirwe, Felicien and Di Ruscio, Davide and Mazzini, Silvia and Pierini, Pierluigi and Pierantonio, Alfonso}, 
 title = {Low-Code Engineering for Internet of Things: A State of Research}, 
 year = {2020}, 
 isbn = {9781450381352}, 
 publisher = {Association for Computing Machinery}, 
 address = {New York, NY, USA}, 
 url = {https://doi.org/10.1145/3417990.3420208}, 
 doi = {10.1145/3417990.3420208}, 
 booktitle = {Proceedings of the 23rd ACM/IEEE International Conference on Model Driven Engineering Languages and Systems: Companion Proceedings}, 
 articleno = {74}, 
 numpages = {8}, 
 keywords = {low-code engineering, IoT, model driven engineering (MDE)}, 
 location = {Virtual Event, Canada}, 
 series = {MODELS '20} 
}

@article{Kendall-TauMetric-Biometrica1938,
 author = {M. G. Kendall},
 journal = {Biometrika},
 number = {1},
 pages = {81-93},
 title = {A New Measure of Rank Correlation},
 volume = {30},
 year = {1938}
}

@inproceedings{lowcodetesting,
author = {Khorram, Faezeh and Mottu, Jean-Marie and Suny\'{e}, Gerson},
title = {Challenges \& Opportunities in Low-Code Testing},
year = {2020},
isbn = {9781450381352},
publisher = {Association for Computing Machinery},
address = {New York, NY, USA},
url = {https://doi.org/10.1145/3417990.3420204},
doi = {10.1145/3417990.3420204},
booktitle = {Proceedings of the 23rd ACM/IEEE International Conference on Model Driven Engineering Languages and Systems: Companion Proceedings},
articleno = {70},
numpages = {10},
keywords = {low-code, citizen developer, low-code development platform, testing},
location = {Virtual Event, Canada},
series = {MODELS '20}
}

@inproceedings{kourouklidis2020towards,
  title={Towards a low-code solution for monitoring machine learning model performance},
  author={Kourouklidis, Panagiotis and Kolovos, Dimitris and Matragkas, Nicholas and Noppen, Joost},
  booktitle={Proceedings of the 23rd ACM/IEEE International Conference on Model Driven Engineering Languages and Systems: Companion Proceedings},
  pages={1--8},
  year={2020}
}

@article{Li-StudySoftwareLoggingUsingTopic-EMSE2018,
 author = {Heng Li and Tse-Hsun (Peter) Chen and Weiyi Shang and Ahmed E. Hassan },
 journal = {Empirical Software Engineering },
 number = {},
 pages = {2655–2694},
 title = {Studying software logging using topic models},
 volume = {23},
 year = {2018}
}

@article{lin2020software,
  title={Software vulnerability detection using deep neural networks: a survey},
  author={Lin, Guanjun and Wen, Sheng and Han, Qing-Long and Zhang, Jun and Xiang, Yang},
  journal={Proceedings of the IEEE},
  volume={108},
  number={10},
  pages={1825--1848},
  year={2020},
  publisher={IEEE}
}

@inproceedings{linares2013exploratory,
  title={An exploratory analysis of mobile development issues using stack overflow},
  author={Linares-V{\'a}squez, Mario and Dit, Bogdan and Poshyvanyk, Denys},
  booktitle={2013 10th Working Conference on Mining Software Repositories (MSR)},
  pages={93--96},
  year={2013},
  organization={IEEE}
}

@article{loper2002nltk,
  title={NLTK: the natural language toolkit},
  author={Loper, Edward and Bird, Steven},
  journal={arXiv preprint cs/0205028},
  year={2002}
}

@misc{lowcodewiki,
  key={lowcodewiki},
  title={{Low-code development platform }},
  howpublished = "{Available: \url{https://en.wikipedia.org/wiki/Low-code_development_platform}}",
  note = "[Online; accessed 5-January-2021]"
}

@article{mccallum2002mallet,
  title={Mallet: A machine learning for language toolkit},
  author={McCallum, Andrew Kachites},
  journal={http://mallet. cs. umass. edu},
  year={2002}
}

@misc{mendix,
  key={mendix},
  title={{Mendix platform overview}},  
  howpublished = "{Available: \url{https://www.mendix.com/}}",
  note = "[Online; accessed 5-January-2021]"
}

@manual{website:stackoverflow,
 address = {\url{https://stackoverflow.com/questions/}},
 author = {Stack Overflow},
 title = {Stack Overflow Questions},
 year = {2020},
 note = {Last accessed on 14 November 2020}
}

@inbook{Pane-MoreNatureEUSE-Springer2006,
 author = {Pane, John and Myers, Brad},
 year = {2006},
 month = {10},
 publisher = {Springer},
 pages = {31-50},
 title = {More Natural Programming Languages and Environments},
 isbn = {978-1-4020-4220-1},
 doi = {10.1007/1-4020-5386-X_3}
}

@article{Poshyvanyk-FeatureLocationTopic-TSE2007,
 author = {Denys Poshyvanyk and Yann-Gaël Guéhéneuc and Andrian Marcus and Giuliano  Antoniol and Václav T Rajlich},
 journal = {IEEE Transactions on Software Engineering},
 number = {6},
 pages = {420-432},
 title = {Feature Location Using Probabilistic Ranking of Methods Based on Execution Scenarios and Information Retrieval},
 volume = {33},
 year = {2007}
}

@article{ramasubramanian2013effective,
  title={Effective pre-processing activities in text mining using improved porter’s stemming algorithm},
  author={Ramasubramanian, C and Ramya, R},
  journal={International Journal of Advanced Research in Computer and Communication Engineering},
  volume={2},
  number={12},
  pages={4536--4538},
  year={2013}
}

@inproceedings{Rao-TraceabilityBugTopic-MSR2011,
 author = {Shivani Rao and Avinash C Kak},
 booktitle = {8th Working Conference on Mining Software Repositories},
 pages = {43–52},
 title = {Retrieval from software libraries for bug localization: a comparative study of generic and composite text models},
 year = {2011}
}

@inproceedings{rehurek2010software,
  title={Software framework for topic modelling with large corpora},
  author={Rehurek, Radim and Sojka, Petr},
  booktitle={In Proceedings of the LREC 2010 Workshop on New Challenges for NLP Frameworks},
  year={2010},
  organization={Citeseer}
}

@article{Robillard-APIProperty-IEEETSE2012,
 author = {Martin P. Robillard and Eric Bodden and David Kawrykow and Mira Mezini and Tristan Ratchford},
 journal = {IEEE Transactions on Software Engineering},
 pages = {28},
 title = {Automated {API} Property Inference Techniques},
 year = {2012}
}

@inproceedings{roder2015exploring,
  title={Exploring the space of topic coherence measures},
  author={R{\"o}der, Michael and Both, Andreas and Hinneburg, Alexander},
  booktitle={Proceedings of the eighth ACM international conference on Web search and data mining},
  pages={399--408},
  year={2015}
}

@article{rosen2016mobile,
  title={What are mobile developers asking about? a large scale study using stack overflow},
  author={Rosen, Christoffer and Shihab, Emad},
  journal={Empirical Software Engineering},
  volume={21},
  number={3},
  pages={1192--1223},
  year={2016},
  publisher={Springer}
}

@article{rymer2019forrester,
  title={The forrester wave(tm) Low-code development platforms for ad\&d professionals, q1 2019},
  author={Rymer, John R and Koplowitz, Rob and Leaders, Salesforce Are},
  year={2019},
  publisher={Forrester Research},
}

@inproceedings{sahay2020supporting,
  title={Supporting the understanding and comparison of low-code development platforms},
  author={Sahay, Apurvanand and Indamutsa, Arsene and Di Ruscio, Davide and Pierantonio, Alfonso},
  booktitle={2020 46th Euromicro Conference on Software Engineering and Advanced Applications (SEAA)},
  pages={171--178},
  year={2020},
  organization={IEEE}
}

@article{Sun-SoftwareMaintenanceTopic-IST2015,
 author = {Xiaobing Sun and Bixin Li and Hareton Leung and Bin Li and Yun Li},
 journal = {Information and Software Technology},
 number = {},
 pages = {671-694},
 title = {MSR4SM: Using topic models to effectively mining software repositories for software maintenance tasks},
 volume = {66},
 year = {2015}
}

@article{Sun-SoftwareMaintenanceHistoryTopic-CIS2015,
 author = {Xiaobing Sun and Bin Li and Yun Li and Ying Chen},
 journal = {Computer and Information Science },
 number = {},
 pages = {22-37},
 title = {What Information in Software Historical Repositories Do We Need to Support Software Maintenance Tasks? An Approach Based on Topic Model},
 volume = {},
 year = {2015}
}

@inproceedings{Sun-ExploreTopicModelSurvey-SNPD2016,
 author = {Xiaobing Sun and Xiangyue Liu and Bin Li and Yucong Duan and Hui Yang and Jiajun Hu},
 booktitle = {17th IEEE/ACIS International Conference on Software Engineering, Artificial Intelligence, Networking and Parallel/Distributed Computing},
 pages = {357-362},
 title = {Exploring topic models in software engineering data analysis: A survey},
 year = {2016}
}

@inproceedings{Thomas-EvolutionSourceCodeHistoryTopic-MSR2011,
 author = {Stephen W. Thomas and Bram  Adams and Ahmed E Hassan and Dorothea  Blostein},
 booktitle = {8th working conference on mining software repositories},
 pages = {173--182},
 title = {Modeling the evolution of topics in source code histories},
 year = {2011}
}

@article{Thomas-SoftwareEvolutionUsingTopic-SCP2014,
 author = {Stephen W. Thomas and Bram  Adams and Ahmed E Hassan and Dorothea  Blostein},
 journal = {Science of Computer Programming},
 number = {B},
 pages = {457-479},
 title = {Studying software evolution using topic models},
 volume = {80},
 year = {2014}
}

@inproceedings{Tian-SoftwareCategorizeTopic-MSR2009,
 author = {Kai Tian and Meghan Revelle and Denys Poshyvanyk},
 booktitle = {6th international working conference on mining software repositories},
 pages = {163--166},
 title = {Using Latent Dirichlet Allocation for automatic categorization of software},
 year = {2009}
}

@inproceedings{uddin2017automatic,
  title={Automatic summarization of API reviews},
  author={Uddin, Gias and Khomh, Foutse},
  booktitle={2017 32nd IEEE/ACM International Conference on Automated Software Engineering (ASE)},
  pages={159--170},
  year={2017},
  organization={IEEE}
}

@article{vincent2019magic,
  title={Magic Quadrant for Enterprise Low-Code Application Platforms},
  author={Vincent, P and Lijima, K and Driver, Mark and Wong, Jason and Natis, Yefim},
  journal={Retrieved December},
  volume={18},
  pages={2019},
  year={2019}
}

@article{wan2019discussed,
  title={What is Discussed about Blockchain? A Case Study on the Use of Balanced LDA and the Reference Architecture of a Domain to Capture Online Discussions about Blockchain platforms across the Stack Exchange Communities},
  author={Wan, Zhiyuan and Xia, Xin and Hassan, Ahmed E},
  journal={IEEE Transactions on Software Engineering},
  year={2019},
  publisher={IEEE}
}

@article{waszkowski2019low-automating,
  author = {Waszkowski, Robert},
  year = {2019},
  month = {01},
  pages = {376-381},
  title = {Low-code platform for automating business processes in manufacturing},
  volume = {52},
  journal = {IFAC-PapersOnLine},
  doi = {10.1016/j.ifacol.2019.10.060}
}

@misc{wong2019low,
  title={Low-Code Development Technologies Evaluation Guide},
  author={Wong, Jason and Driver, Mark and Vincent, Paul},
  year={2019}
}

@article{yang2016security,
  title={What security questions do developers ask? a large-scale study of stack overflow posts},
  author={Yang, Xin-Li and Lo, David and Xia, Xin and Wan, Zhi-Yuan and Sun, Jian-Ling},
  journal={Journal of Computer Science and Technology},
  volume={31},
  number={5},
  pages={910--924},
  year={2016},
  publisher={Springer}
}

% Low code platforms

@misc{appian,
  key={appian},
  title={{Appian platform overview}},  
  howpublished = "{Available: \url{https://www.appian.com/}}",
  note = "[Online; accessed 5-January-2021]"
}

@misc{googleappmaker,
  key={googleappmaker},
  title={{Google App Maker platform overview}},  
  howpublished = "{Available: \url{https://developers.google.com/appmaker}}",
  note = "[Online; accessed 5-January-2021]"
}

@misc{google-disc,
  key={googledisc},
  title={{Google App Maker will be shut down on January 19, 2021}},  
  howpublished = {\url{https://workspaceupdates.googleblog.com/2020/01/app-maker-update.html}},
  note = "[Online; accessed 5-January-2021]"
}

@misc{pcmag,
  key={pcmag},
  title={{The Best Low-Code Development Platforms}},  
  howpublished = "{Available: \url{https://www.pcmag.com/picks/the-best-low-code-development-platforms}}",
  note = "[Online; accessed 5-January-2021]"
}

@misc{powerapps,
  key={powerapps},
  title={{Microsoft power apps platform overview}},  
  howpublished = "{Available: \url{https://powerapps.microsoft.com/en-us/}}",
  note = "[Online; accessed 5-January-2021]"
}

@misc{quickbase,
  key={quickbase},
  title={{Quickbase platform overview}},  
  howpublished = "{Available: \url{https://www.quickbase.com/product/product-overview}}",
  note = "[Online; accessed 5-January-2021]"
}

@misc{salesforce,
  key={salesforce},
  title={{Salesforce platform overview}},  
  howpublished = "{Available: \url{https://www.salesforce.com/in/?ir=1}}",
  note = "[Online; accessed 5-January-2021]"
}

@misc{vinyl,
  key={vinyl},
  title={{Vinyl platform overview}},  
  howpublished = "{Available: \url{https://zudy.com/}}",
  note = "[Online; accessed 5-January-2021]"
}

@misc{zohocreator,
  key={zohocreator},
  title={{Zoho Creator platform overview}},  
  howpublished = "{Available: \url{https://www.zoho.com/creator/}}",
  note = "[Online; accessed 5-January-2021]"
}
